<?xml version="1.0" encoding="UTF-8"?><record xmlns="http://www.loc.gov/MARC21/slim" xmlns:cinclude="http://apache.org/cocoon/include/1.0" xmlns:zs="http://www.loc.gov/zing/srw/">
  <leader>00369cz  a2200121n  4500</leader>
  <controlfield tag="001">n 2002103901</controlfield>
  <controlfield tag="003">DLC</controlfield>
  <controlfield tag="005">20020606085942.0</controlfield>
  <controlfield tag="008">020606n| acannaabn          |n aaa      </controlfield>
  <datafield tag="010" ind1=" " ind2=" ">
    <subfield code="a">n 2002103901</subfield>
  </datafield>
  <datafield tag="040" ind1=" " ind2=" ">
    <subfield code="a">DLC</subfield>
    <subfield code="b">eng</subfield>
    <subfield code="c">DLC</subfield>
  </datafield>
  <datafield tag="100" ind1="1" ind2=" ">
    <subfield code="a">Mitchell, Sharon T.</subfield>
  </datafield>
  <datafield tag="670" ind1=" " ind2=" ">
    <subfield code="a">Althouse, Rosemary. The colors of learning, c2002:</subfield>
    <subfield code="b">t.p. (Sharon T. Mitchell) galley (public school teacher)</subfield>
  </datafield>
</record>